75600000         257508426000178                    0438180000000016462 COOP COOPERATIVA DE CONSUMO   SICOOB                                  12808202500000000000108100000                                                                     
75600011R06  010 257508426000178                    0438180000000016462 COOP COOPERATIVA DE CONSUMO                                                                                                                                             
7560001300001D 01011001650580188507935022001513518    100002073909833000000000035037280820251010202510102025                                   Oscarlina Marisa Camargo Alegre                                                                  
75600015         000001000000000000035037000001000000000000000000000000000000000000000000000000                                                                                                                                                 
75699999         000001000005000000                                                                                                                                                                                                             
